<?xml version="1.0" encoding="UTF-8"?>
<collection xmlns="http://www.loc.gov/MARC21/slim">
   <record>
      <leader>00000nz  a2200000nc 4500</leader>
      <controlfield tag="001">institutions/51005308</controlfield>
      <controlfield tag="003">DE-633</controlfield>
      <controlfield tag="005">20250620052301.0</controlfield>
      <controlfield tag="008">210629||||z|||a|||||||||||||||||n||||||d</controlfield>
      <datafield tag="024" ind1="7" ind2=" ">
         <subfield code="a">RP-Mccp</subfield>
         <subfield code="q">siglum</subfield>
         <subfield code="2">rism</subfield>
      </datafield>
      <datafield tag="034" ind1="1" ind2=" ">
         <subfield code="d">120.98591100094633</subfield>
         <subfield code="f">14.55840810586755</subfield>
      </datafield>
      <datafield tag="040" ind1=" " ind2=" ">
         <subfield code="a">DE-633</subfield>
         <subfield code="c">DE-633</subfield>
         <subfield code="e">rismg</subfield>
      </datafield>
      <datafield tag="110" ind1="1" ind2=" ">
         <subfield code="a">Cultural Center of the Philippines - Library and Archives</subfield>
         <subfield code="c">Manila</subfield>
         <subfield code="g">RP-Mccp</subfield>
      </datafield>
      <datafield tag="368" ind1=" " ind2=" ">
         <subfield code="a">Institution</subfield>
         <subfield code="a">Library</subfield>
         <subfield code="a">Archive</subfield>
      </datafield>
      <datafield tag="371" ind1=" " ind2=" ">
         <subfield code="a">CCP Complex, Roxas Boulevard, Pasay City, 1300 Metro Manila</subfield>
         <subfield code="a">Roxas Boulevard, Pasay City</subfield>
         <subfield code="b">Manila</subfield>
         <subfield code="c">1300 Metro Manila</subfield>
         <subfield code="d">Philippines</subfield>
         <subfield code="m">contact_us@culturalcenter.gov.ph</subfield>
         <subfield code="u">https://www.culturalcenter.gov.ph/programs/on-the-shelves/library-and-archives/details</subfield>
      </datafield>
      <datafield tag="551" ind1="1" ind2=" ">
         <subfield code="a">Manila</subfield>
         <subfield code="0">places/12419</subfield>
      </datafield>
   </record>