
   <record>
      <leader>00000nz  a2200000nc 4500</leader>
      <controlfield tag="001">institutions/51005307</controlfield>
      <controlfield tag="003">DE-633</controlfield>
      <controlfield tag="005">20250620052301.0</controlfield>
      <controlfield tag="008">210629||||z|||a|||||||||||||||||n||||||d</controlfield>
      <datafield tag="024" ind1="7" ind2=" ">
         <subfield code="a">152777450</subfield>
         <subfield code="2">VIAF</subfield>
      </datafield>
      <datafield tag="024" ind1="7" ind2=" ">
         <subfield code="a">Q619270</subfield>
         <subfield code="2">WKP</subfield>
      </datafield>
      <datafield tag="024" ind1="7" ind2=" ">
         <subfield code="a">RP-Mmbl</subfield>
         <subfield code="q">siglum</subfield>
         <subfield code="2">rism</subfield>
      </datafield>
      <datafield tag="034" ind1="1" ind2=" ">
         <subfield code="d">120.98831531585957</subfield>
         <subfield code="f">14.610920376893269</subfield>
      </datafield>
      <datafield tag="040" ind1=" " ind2=" ">
         <subfield code="a">DE-633</subfield>
         <subfield code="c">DE-633</subfield>
         <subfield code="e">rismg</subfield>
      </datafield>
      <datafield tag="110" ind1="1" ind2=" ">
         <subfield code="a">University of Santo Tomas - Miguel de Benavides Library</subfield>
         <subfield code="c">Manila</subfield>
         <subfield code="g">RP-Mmbl</subfield>
      </datafield>
      <datafield tag="368" ind1=" " ind2=" ">
         <subfield code="a">Institution</subfield>
         <subfield code="a">Library</subfield>
      </datafield>
      <datafield tag="371" ind1=" " ind2=" ">
         <subfield code="a">Sampaloc</subfield>
         <subfield code="a">Alberto Dr</subfield>
         <subfield code="b">Manila</subfield>
         <subfield code="c">1008 Metro Manila</subfield>
         <subfield code="d">Philippines</subfield>
         <subfield code="m">library@ust.edu.ph</subfield>
         <subfield code="u">http://library.ust.edu.ph/index.html</subfield>
         <subfield code="z">tel: +63 / (0)2 / 8-731-3034</subfield>
         <subfield code="z">fax: +63 / (0)2 / 8-740-9709</subfield>
      </datafield>
      <datafield tag="551" ind1="1" ind2=" ">
         <subfield code="a">Manila</subfield>
         <subfield code="0">places/12419</subfield>
      </datafield>
   </record>